@Article{tester,
author={Dailey, Tester}