@inproceedings{Setkov:2013:CIF:2466715.2466731,
 author = {Setkov, Aleksandr and Gouiff\`{e}s, Mich\`{e}le and Jacquemin, Christian},
 title = {Color Invariant Feature Matching for Image Geometric Correction},
 booktitle = {Proceedings of the 6th International Conference on Computer Vision / Computer Graphics Collaboration Techniques and Applications},
 series = {MIRAGE '13},
 year = {2013},
 isbn = {978-1-4503-2023-8},
 location = {Berlin, Germany},
 pages = {7:1--7:8},
 articleno = {7},
 numpages = {8},
 url = {http://doi.acm.org/10.1145/2466715.2466731},
 doi = {10.1145/2466715.2466731},
 acmid = {2466731},
 publisher = {ACM},
 address = {New York, NY, USA},
 keywords = {SURF, color feature matching, color invariance, histogram equalization, homography estimation},
}

@Article{rs5094488,
AUTHOR = {Lemoine, Guido and Giovalli, Martina},
TITLE = {Geo-Correction of High-Resolution Imagery Using Fast Template Matching on a GPU in Emergency Mapping Contexts},
JOURNAL = {Remote Sensing},
VOLUME = {5},
YEAR = {2013},
NUMBER = {9},
PAGES = {4488--4502},
URL = {http://www.mdpi.com/2072-4292/5/9/4488},
ISSN = {2072-4292},
DOI = {10.3390/rs5094488}
}
